%YAML 1.1
%TAG !u! tag:unity3d.com,2011:
--- !u!29 &1
OcclusionCullingSettings:
  m_ObjectHideFlags: 0
  serializedVersion: 2
  m_OcclusionBakeSettings:
    smallestOccluder: 5
    smallestHole: 0.25
    backfaceThreshold: 100
  m_SceneGUID: 00000000000000000000000000000000
  m_OcclusionCullingData: {fileID: 0}
--- !u!104 &2
RenderSettings:
  m_ObjectHideFlags: 0
  serializedVersion: 9
  m_Fog: 0
  m_FogColor: {r: 0.5, g: 0.5, b: 0.5, a: 1}
  m_FogMode: 3
  m_FogDensity: 0.01
  m_LinearFogStart: 0
  m_LinearFogEnd: 300
  m_AmbientSkyColor: {r: 0.212, g: 0.227, b: 0.259, a: 1}
  m_AmbientEquatorColor: {r: 0.114, g: 0.125, b: 0.133, a: 1}
  m_AmbientGroundColor: {r: 0.047, g: 0.043, b: 0.035, a: 1}
  m_AmbientIntensity: 1
  m_AmbientMode: 0
  m_SubtractiveShadowColor: {r: 0.42, g: 0.478, b: 0.627, a: 1}
  m_SkyboxMaterial: {fileID: 10304, guid: 0000000000000000f000000000000000, type: 0}
  m_HaloStrength: 0.5
  m_FlareStrength: 1
  m_FlareFadeSpeed: 3
  m_HaloTexture: {fileID: 0}
  m_SpotCookie: {fileID: 10001, guid: 0000000000000000e000000000000000, type: 0}
  m_DefaultReflectionMode: 0
  m_DefaultReflectionResolution: 128
  m_ReflectionBounces: 1
  m_ReflectionIntensity: 1
  m_CustomReflection: {fileID: 0}
  m_Sun: {fileID: 0}
  m_IndirectSpecularColor: {r: 0.45125443, g: 0.50003505, b: 0.56852776, a: 1}
  m_UseRadianceAmbientProbe: 0
--- !u!157 &3
LightmapSettings:
  m_ObjectHideFlags: 0
  serializedVersion: 11
  m_GIWorkflowMode: 0
  m_GISettings:
    serializedVersion: 2
    m_BounceScale: 1
    m_IndirectOutputScale: 1
    m_AlbedoBoost: 1
    m_TemporalCoherenceThreshold: 1
    m_EnvironmentLightingMode: 0
    m_EnableBakedLightmaps: 1
    m_EnableRealtimeLightmaps: 1
  m_LightmapEditorSettings:
    serializedVersion: 10
    m_Resolution: 2
    m_BakeResolution: 40
    m_AtlasSize: 1024
    m_AO: 0
    m_AOMaxDistance: 1
    m_CompAOExponent: 1
    m_CompAOExponentDirect: 0
    m_Padding: 2
    m_LightmapParameters: {fileID: 0}
    m_LightmapsBakeMode: 1
    m_TextureCompression: 1
    m_FinalGather: 0
    m_FinalGatherFiltering: 1
    m_FinalGatherRayCount: 256
    m_ReflectionCompression: 2
    m_MixedBakeMode: 2
    m_BakeBackend: 1
    m_PVRSampling: 1
    m_PVRDirectSampleCount: 32
    m_PVRSampleCount: 500
    m_PVRBounces: 2
    m_PVRFilterTypeDirect: 0
    m_PVRFilterTypeIndirect: 0
    m_PVRFilterTypeAO: 0
    m_PVRFilteringMode: 1
    m_PVRCulling: 1
    m_PVRFilteringGaussRadiusDirect: 1
    m_PVRFilteringGaussRadiusIndirect: 5
    m_PVRFilteringGaussRadiusAO: 2
    m_PVRFilteringAtrousPositionSigmaDirect: 0.5
    m_PVRFilteringAtrousPositionSigmaIndirect: 2
    m_PVRFilteringAtrousPositionSigmaAO: 1
    m_ShowResolutionOverlay: 1
  m_LightingDataAsset: {fileID: 0}
  m_UseShadowmask: 1
--- !u!196 &4
NavMeshSettings:
  serializedVersion: 2
  m_ObjectHideFlags: 0
  m_BuildSettings:
    serializedVersion: 2
    agentTypeID: 0
    agentRadius: 0.5
    agentHeight: 2
    agentSlope: 45
    agentClimb: 0.4
    ledgeDropHeight: 0
    maxJumpAcrossDistance: 0
    minRegionArea: 2
    manualCellSize: 0
    cellSize: 0.16666667
    manualTileSize: 0
    tileSize: 256
    accuratePlacement: 0
    debug:
      m_Flags: 0
  m_NavMeshData: {fileID: 0}
--- !u!1 &90280036
GameObject:
  m_ObjectHideFlags: 0
  m_PrefabParentObject: {fileID: 0}
  m_PrefabInternal: {fileID: 0}
  serializedVersion: 5
  m_Component:
  - component: {fileID: 90280040}
  - component: {fileID: 90280039}
  - component: {fileID: 90280038}
  - component: {fileID: 90280037}
  m_Layer: 0
  m_Name: Main Camera
  m_TagString: MainCamera
  m_Icon: {fileID: 0}
  m_NavMeshLayer: 0
  m_StaticEditorFlags: 0
  m_IsActive: 1
--- !u!81 &90280037
AudioListener:
  m_ObjectHideFlags: 0
  m_PrefabParentObject: {fileID: 0}
  m_PrefabInternal: {fileID: 0}
  m_GameObject: {fileID: 90280036}
  m_Enabled: 1
--- !u!124 &90280038
Behaviour:
  m_ObjectHideFlags: 0
  m_PrefabParentObject: {fileID: 0}
  m_PrefabInternal: {fileID: 0}
  m_GameObject: {fileID: 90280036}
  m_Enabled: 1
--- !u!20 &90280039
Camera:
  m_ObjectHideFlags: 0
  m_PrefabParentObject: {fileID: 0}
  m_PrefabInternal: {fileID: 0}
  m_GameObject: {fileID: 90280036}
  m_Enabled: 1
  serializedVersion: 2
  m_ClearFlags: 1
  m_BackGroundColor: {r: 0.19215687, g: 0.3019608, b: 0.4745098, a: 0}
  m_NormalizedViewPortRect:
    serializedVersion: 2
    x: 0
    y: 0
    width: 1
    height: 1
  near clip plane: 0.3
  far clip plane: 1000
  field of view: 60
  orthographic: 0
  orthographic size: 5
  m_Depth: -1
  m_CullingMask:
    serializedVersion: 2
    m_Bits: 4294967295
  m_RenderingPath: -1
  m_TargetTexture: {fileID: 0}
  m_TargetDisplay: 0
  m_TargetEye: 3
  m_HDR: 1
  m_AllowMSAA: 1
  m_AllowDynamicResolution: 0
  m_ForceIntoRT: 0
  m_OcclusionCulling: 1
  m_StereoConvergence: 10
  m_StereoSeparation: 0.022
--- !u!4 &90280040
Transform:
  m_ObjectHideFlags: 0
  m_PrefabParentObject: {fileID: 0}
  m_PrefabInternal: {fileID: 0}
  m_GameObject: {fileID: 90280036}
  m_LocalRotation: {x: 0, y: 0, z: 0, w: 1}
  m_LocalPosition: {x: 0, y: 0, z: 0}
  m_LocalScale: {x: 1, y: 1, z: 1}
  m_Children:
  - {fileID: 658928380}
  - {fileID: 734849331}
  m_Father: {fileID: 0}
  m_RootOrder: 0
  m_LocalEulerAnglesHint: {x: 0, y: 0, z: 0}
--- !u!1 &237403183
GameObject:
  m_ObjectHideFlags: 0
  m_PrefabParentObject: {fileID: 0}
  m_PrefabInternal: {fileID: 0}
  serializedVersion: 5
  m_Component:
  - component: {fileID: 237403185}
  - component: {fileID: 237403184}
  m_Layer: 0
  m_Name: Directional Light
  m_TagString: Untagged
  m_Icon: {fileID: 0}
  m_NavMeshLayer: 0
  m_StaticEditorFlags: 0
  m_IsActive: 1
--- !u!108 &237403184
Light:
  m_ObjectHideFlags: 0
  m_PrefabParentObject: {fileID: 0}
  m_PrefabInternal: {fileID: 0}
  m_GameObject: {fileID: 237403183}
  m_Enabled: 1
  serializedVersion: 8
  m_Type: 1
  m_Color: {r: 1, g: 1, b: 1, a: 1}
  m_Intensity: 1
  m_Range: 10
  m_SpotAngle: 30
  m_CookieSize: 10
  m_Shadows:
    m_Type: 0
    m_Resolution: -1
    m_CustomResolution: -1
    m_Strength: 1
    m_Bias: 0.05
    m_NormalBias: 0.4
    m_NearPlane: 0.2
  m_Cookie: {fileID: 0}
  m_DrawHalo: 0
  m_Flare: {fileID: 0}
  m_RenderMode: 0
  m_CullingMask:
    serializedVersion: 2
    m_Bits: 4294967295
  m_Lightmapping: 4
  m_AreaSize: {x: 1, y: 1}
  m_BounceIntensity: 1
  m_ColorTemperature: 6570
  m_UseColorTemperature: 0
  m_ShadowRadius: 0
  m_ShadowAngle: 0
--- !u!4 &237403185
Transform:
  m_ObjectHideFlags: 0
  m_PrefabParentObject: {fileID: 0}
  m_PrefabInternal: {fileID: 0}
  m_GameObject: {fileID: 237403183}
  m_LocalRotation: {x: 0.1965665, y: 0.28672585, z: -0.119336314, w: 0.9300047}
  m_LocalPosition: {x: 8.64, y: -6.29, z: 0.13}
  m_LocalScale: {x: 1, y: 1, z: 1}
  m_Children: []
  m_Father: {fileID: 0}
  m_RootOrder: 3
  m_LocalEulerAnglesHint: {x: 154.275, y: -147.323, z: -186.965}
--- !u!1001 &658928373
Prefab:
  m_ObjectHideFlags: 0
  serializedVersion: 2
  m_Modification:
    m_TransformParent: {fileID: 90280040}
    m_Modifications:
    - target: {fileID: 4772274287404002, guid: 8a6c7371de499704daa65e1350d8ee6b, type: 2}
      propertyPath: m_LocalPosition.x
      value: 0
      objectReference: {fileID: 0}
    - target: {fileID: 4772274287404002, guid: 8a6c7371de499704daa65e1350d8ee6b, type: 2}
      propertyPath: m_LocalPosition.y
      value: -1
      objectReference: {fileID: 0}
    - target: {fileID: 4772274287404002, guid: 8a6c7371de499704daa65e1350d8ee6b, type: 2}
      propertyPath: m_LocalPosition.z
      value: 10
      objectReference: {fileID: 0}
    - target: {fileID: 4772274287404002, guid: 8a6c7371de499704daa65e1350d8ee6b, type: 2}
      propertyPath: m_LocalRotation.x
      value: -0
      objectReference: {fileID: 0}
    - target: {fileID: 4772274287404002, guid: 8a6c7371de499704daa65e1350d8ee6b, type: 2}
      propertyPath: m_LocalRotation.y
      value: -0
      objectReference: {fileID: 0}
    - target: {fileID: 4772274287404002, guid: 8a6c7371de499704daa65e1350d8ee6b, type: 2}
      propertyPath: m_LocalRotation.z
      value: -0
      objectReference: {fileID: 0}
    - target: {fileID: 4772274287404002, guid: 8a6c7371de499704daa65e1350d8ee6b, type: 2}
      propertyPath: m_LocalRotation.w
      value: 1
      objectReference: {fileID: 0}
    - target: {fileID: 4772274287404002, guid: 8a6c7371de499704daa65e1350d8ee6b, type: 2}
      propertyPath: m_RootOrder
      value: 0
      objectReference: {fileID: 0}
    - target: {fileID: 114758082646931822, guid: 8a6c7371de499704daa65e1350d8ee6b,
        type: 2}
      propertyPath: m_Text
      value: 
      objectReference: {fileID: 0}
    m_RemovedComponents:
    - {fileID: 114330509724750818, guid: 8a6c7371de499704daa65e1350d8ee6b, type: 2}
  m_ParentPrefab: {fileID: 100100000, guid: 8a6c7371de499704daa65e1350d8ee6b, type: 2}
  m_IsPrefabParent: 0
--- !u!1 &658928374 stripped
GameObject:
  m_PrefabParentObject: {fileID: 1246238986389172, guid: 8a6c7371de499704daa65e1350d8ee6b,
    type: 2}
  m_PrefabInternal: {fileID: 658928373}
--- !u!114 &658928375
MonoBehaviour:
  m_ObjectHideFlags: 0
  m_PrefabParentObject: {fileID: 0}
  m_PrefabInternal: {fileID: 0}
  m_GameObject: {fileID: 658928374}
  m_Enabled: 1
  m_EditorHideFlags: 0
  m_Script: {fileID: 11500000, guid: 21a9c156c293d8042ba17d5c8b016f56, type: 3}
  m_Name: 
  m_EditorClassIdentifier: 
  scenarios: []
  splitted: []
  uiText: {fileID: 658928376}
  intervalForCharacterDisplay: 0.05
--- !u!114 &658928376 stripped
MonoBehaviour:
  m_PrefabParentObject: {fileID: 114758082646931822, guid: 8a6c7371de499704daa65e1350d8ee6b,
    type: 2}
  m_PrefabInternal: {fileID: 658928373}
  m_Script: {fileID: 708705254, guid: f70555f144d8491a825f0804e09c671c, type: 3}
--- !u!1 &658928377 stripped
GameObject:
  m_PrefabParentObject: {fileID: 1346178274981506, guid: 8a6c7371de499704daa65e1350d8ee6b,
    type: 2}
  m_PrefabInternal: {fileID: 658928373}
--- !u!114 &658928378 stripped
MonoBehaviour:
  m_PrefabParentObject: {fileID: 114845955832524264, guid: 8a6c7371de499704daa65e1350d8ee6b,
    type: 2}
  m_PrefabInternal: {fileID: 658928373}
  m_Script: {fileID: 708705254, guid: f70555f144d8491a825f0804e09c671c, type: 3}
--- !u!114 &658928379
MonoBehaviour:
  m_ObjectHideFlags: 0
  m_PrefabParentObject: {fileID: 0}
  m_PrefabInternal: {fileID: 0}
  m_GameObject: {fileID: 658928377}
  m_Enabled: 1
  m_EditorHideFlags: 0
  m_Script: {fileID: 11500000, guid: 7d837b63a1a383945afd0468e83a36bf, type: 3}
  m_Name: 
  m_EditorClassIdentifier: 
  scenarios: []
  uiText: {fileID: 658928378}
  splitted: []
--- !u!4 &658928380 stripped
Transform:
  m_PrefabParentObject: {fileID: 4772274287404002, guid: 8a6c7371de499704daa65e1350d8ee6b,
    type: 2}
  m_PrefabInternal: {fileID: 658928373}
--- !u!1001 &734849330
Prefab:
  m_ObjectHideFlags: 0
  serializedVersion: 2
  m_Modification:
    m_TransformParent: {fileID: 90280040}
    m_Modifications:
    - target: {fileID: 4285754540959902, guid: 8b80efef520815b4f8704efead3cface, type: 2}
      propertyPath: m_LocalPosition.x
      value: 0.006
      objectReference: {fileID: 0}
    - target: {fileID: 4285754540959902, guid: 8b80efef520815b4f8704efead3cface, type: 2}
      propertyPath: m_LocalPosition.y
      value: -0.202
      objectReference: {fileID: 0}
    - target: {fileID: 4285754540959902, guid: 8b80efef520815b4f8704efead3cface, type: 2}
      propertyPath: m_LocalPosition.z
      value: 0.699
      objectReference: {fileID: 0}
    - target: {fileID: 4285754540959902, guid: 8b80efef520815b4f8704efead3cface, type: 2}
      propertyPath: m_LocalRotation.x
      value: -0
      objectReference: {fileID: 0}
    - target: {fileID: 4285754540959902, guid: 8b80efef520815b4f8704efead3cface, type: 2}
      propertyPath: m_LocalRotation.y
      value: -1
      objectReference: {fileID: 0}
    - target: {fileID: 4285754540959902, guid: 8b80efef520815b4f8704efead3cface, type: 2}
      propertyPath: m_LocalRotation.z
      value: -0
      objectReference: {fileID: 0}
    - target: {fileID: 4285754540959902, guid: 8b80efef520815b4f8704efead3cface, type: 2}
      propertyPath: m_LocalRotation.w
      value: 0
      objectReference: {fileID: 0}
    - target: {fileID: 4285754540959902, guid: 8b80efef520815b4f8704efead3cface, type: 2}
      propertyPath: m_RootOrder
      value: 4
      objectReference: {fileID: 0}
    - target: {fileID: 4523088402773506, guid: 8b80efef520815b4f8704efead3cface, type: 2}
      propertyPath: m_RootOrder
      value: 1
      objectReference: {fileID: 0}
    m_RemovedComponents: []
  m_ParentPrefab: {fileID: 100100000, guid: 8b80efef520815b4f8704efead3cface, type: 2}
  m_IsPrefabParent: 0
--- !u!4 &734849331 stripped
Transform:
  m_PrefabParentObject: {fileID: 4523088402773506, guid: 8b80efef520815b4f8704efead3cface,
    type: 2}
  m_PrefabInternal: {fileID: 734849330}
--- !u!1001 &964915922
Prefab:
  m_ObjectHideFlags: 0
  serializedVersion: 2
  m_Modification:
    m_TransformParent: {fileID: 0}
    m_Modifications:
    - target: {fileID: 4789110427321208, guid: 4dd558d57bd67f34f8c774e9d3f1b9e7, type: 2}
      propertyPath: m_LocalPosition.x
      value: 0
      objectReference: {fileID: 0}
    - target: {fileID: 4789110427321208, guid: 4dd558d57bd67f34f8c774e9d3f1b9e7, type: 2}
      propertyPath: m_LocalPosition.y
      value: -0.318
      objectReference: {fileID: 0}
    - target: {fileID: 4789110427321208, guid: 4dd558d57bd67f34f8c774e9d3f1b9e7, type: 2}
      propertyPath: m_LocalPosition.z
      value: 3.559
      objectReference: {fileID: 0}
    - target: {fileID: 4789110427321208, guid: 4dd558d57bd67f34f8c774e9d3f1b9e7, type: 2}
      propertyPath: m_LocalRotation.x
      value: 0
      objectReference: {fileID: 0}
    - target: {fileID: 4789110427321208, guid: 4dd558d57bd67f34f8c774e9d3f1b9e7, type: 2}
      propertyPath: m_LocalRotation.y
      value: 1
      objectReference: {fileID: 0}
    - target: {fileID: 4789110427321208, guid: 4dd558d57bd67f34f8c774e9d3f1b9e7, type: 2}
      propertyPath: m_LocalRotation.z
      value: 0
      objectReference: {fileID: 0}
    - target: {fileID: 4789110427321208, guid: 4dd558d57bd67f34f8c774e9d3f1b9e7, type: 2}
      propertyPath: m_LocalRotation.w
      value: 0
      objectReference: {fileID: 0}
    - target: {fileID: 4789110427321208, guid: 4dd558d57bd67f34f8c774e9d3f1b9e7, type: 2}
      propertyPath: m_RootOrder
      value: 1
      objectReference: {fileID: 0}
    - target: {fileID: 4789110427321208, guid: 4dd558d57bd67f34f8c774e9d3f1b9e7, type: 2}
      propertyPath: m_LocalEulerAnglesHint.y
      value: 180
      objectReference: {fileID: 0}
    m_RemovedComponents:
    - {fileID: 54435988904186772, guid: 4dd558d57bd67f34f8c774e9d3f1b9e7, type: 2}
  m_ParentPrefab: {fileID: 100100000, guid: 4dd558d57bd67f34f8c774e9d3f1b9e7, type: 2}
  m_IsPrefabParent: 0
--- !u!1 &1184631437
GameObject:
  m_ObjectHideFlags: 0
  m_PrefabParentObject: {fileID: 0}
  m_PrefabInternal: {fileID: 0}
  serializedVersion: 5
  m_Component:
  - component: {fileID: 1184631439}
  - component: {fileID: 1184631438}
  m_Layer: 0
  m_Name: GameObject
  m_TagString: Untagged
  m_Icon: {fileID: 0}
  m_NavMeshLayer: 0
  m_StaticEditorFlags: 0
  m_IsActive: 1
--- !u!114 &1184631438
MonoBehaviour:
  m_ObjectHideFlags: 0
  m_PrefabParentObject: {fileID: 0}
  m_PrefabInternal: {fileID: 0}
  m_GameObject: {fileID: 1184631437}
  m_Enabled: 1
  m_EditorHideFlags: 0
  m_Script: {fileID: 11500000, guid: 7e817c554fa3b8f4f809c04bdf75b876, type: 3}
  m_Name: 
  m_EditorClassIdentifier: 
--- !u!4 &1184631439
Transform:
  m_ObjectHideFlags: 0
  m_PrefabParentObject: {fileID: 0}
  m_PrefabInternal: {fileID: 0}
  m_GameObject: {fileID: 1184631437}
  m_LocalRotation: {x: 0, y: 0, z: 0, w: 1}
  m_LocalPosition: {x: 293.21094, y: 143.15625, z: -37}
  m_LocalScale: {x: 1, y: 1, z: 1}
  m_Children: []
  m_Father: {fileID: 0}
  m_RootOrder: 3
  m_LocalEulerAnglesHint: {x: 0, y: 0, z: 0}
--- !u!1001 &1271920557
Prefab:
  m_ObjectHideFlags: 0
  serializedVersion: 2
  m_Modification:
    m_TransformParent: {fileID: 0}
    m_Modifications:
    - target: {fileID: 443476, guid: ec53ff4a008db464099795376687e7fb, type: 2}
      propertyPath: m_LocalPosition.x
      value: -1.901
      objectReference: {fileID: 0}
    - target: {fileID: 443476, guid: ec53ff4a008db464099795376687e7fb, type: 2}
      propertyPath: m_LocalPosition.y
      value: -0.556
      objectReference: {fileID: 0}
    - target: {fileID: 443476, guid: ec53ff4a008db464099795376687e7fb, type: 2}
      propertyPath: m_LocalPosition.z
      value: 2.464
      objectReference: {fileID: 0}
    - target: {fileID: 443476, guid: ec53ff4a008db464099795376687e7fb, type: 2}
      propertyPath: m_LocalRotation.x
      value: -0.6922261
      objectReference: {fileID: 0}
    - target: {fileID: 443476, guid: ec53ff4a008db464099795376687e7fb, type: 2}
      propertyPath: m_LocalRotation.y
      value: 0.14409398
      objectReference: {fileID: 0}
    - target: {fileID: 443476, guid: ec53ff4a008db464099795376687e7fb, type: 2}
      propertyPath: m_LocalRotation.z
      value: 0.14515617
      objectReference: {fileID: 0}
    - target: {fileID: 443476, guid: ec53ff4a008db464099795376687e7fb, type: 2}
      propertyPath: m_LocalRotation.w
      value: 0.6920908
      objectReference: {fileID: 0}
    - target: {fileID: 443476, guid: ec53ff4a008db464099795376687e7fb, type: 2}
      propertyPath: m_RootOrder
      value: 1
      objectReference: {fileID: 0}
    - target: {fileID: 443476, guid: ec53ff4a008db464099795376687e7fb, type: 2}
      propertyPath: m_LocalEulerAnglesHint.x
      value: -89.91601
      objectReference: {fileID: 0}
    - target: {fileID: 443476, guid: ec53ff4a008db464099795376687e7fb, type: 2}
      propertyPath: m_LocalEulerAnglesHint.z
      value: 23.691002
      objectReference: {fileID: 0}
    m_RemovedComponents: []
  m_ParentPrefab: {fileID: 100100000, guid: ec53ff4a008db464099795376687e7fb, type: 2}
  m_IsPrefabParent: 0
--- !u!1001 &1405921222
Prefab:
  m_ObjectHideFlags: 0
  serializedVersion: 2
  m_Modification:
    m_TransformParent: {fileID: 324487170}
    m_Modifications:
    - target: {fileID: 406486, guid: 3bc9073448c70904696e599e182d1c57, type: 2}
      propertyPath: m_LocalPosition.x
      value: 0.046
      objectReference: {fileID: 0}
    - target: {fileID: 406486, guid: 3bc9073448c70904696e599e182d1c57, type: 2}
      propertyPath: m_LocalPosition.y
      value: 0.295
      objectReference: {fileID: 0}
    - target: {fileID: 406486, guid: 3bc9073448c70904696e599e182d1c57, type: 2}
      propertyPath: m_LocalPosition.z
      value: -0.006
      objectReference: {fileID: 0}
    - target: {fileID: 406486, guid: 3bc9073448c70904696e599e182d1c57, type: 2}
      propertyPath: m_LocalRotation.x
      value: -0.00075466186
      objectReference: {fileID: 0}
    - target: {fileID: 406486, guid: 3bc9073448c70904696e599e182d1c57, type: 2}
      propertyPath: m_LocalRotation.y
      value: -0.000062189996
      objectReference: {fileID: 0}
    - target: {fileID: 406486, guid: 3bc9073448c70904696e599e182d1c57, type: 2}
      propertyPath: m_LocalRotation.z
      value: -0.99999696
      objectReference: {fileID: 0}
    - target: {fileID: 406486, guid: 3bc9073448c70904696e599e182d1c57, type: 2}
      propertyPath: m_LocalRotation.w
      value: -0.0023657754
      objectReference: {fileID: 0}
    - target: {fileID: 406486, guid: 3bc9073448c70904696e599e182d1c57, type: 2}
      propertyPath: m_RootOrder
      value: 1
      objectReference: {fileID: 0}
    - target: {fileID: 406486, guid: 3bc9073448c70904696e599e182d1c57, type: 2}
      propertyPath: m_LocalEulerAnglesHint.x
      value: -0.007
      objectReference: {fileID: 0}
    - target: {fileID: 406486, guid: 3bc9073448c70904696e599e182d1c57, type: 2}
      propertyPath: m_LocalEulerAnglesHint.z
      value: -180.271
      objectReference: {fileID: 0}
    - target: {fileID: 406486, guid: 3bc9073448c70904696e599e182d1c57, type: 2}
      propertyPath: m_LocalScale.x
      value: 1
      objectReference: {fileID: 0}
    - target: {fileID: 406486, guid: 3bc9073448c70904696e599e182d1c57, type: 2}
      propertyPath: m_LocalScale.y
      value: 1
      objectReference: {fileID: 0}
    - target: {fileID: 406486, guid: 3bc9073448c70904696e599e182d1c57, type: 2}
      propertyPath: m_LocalScale.z
      value: 1
      objectReference: {fileID: 0}
    - target: {fileID: 406486, guid: 3bc9073448c70904696e599e182d1c57, type: 2}
      propertyPath: m_LocalEulerAnglesHint.y
      value: 0.086
      objectReference: {fileID: 0}
    m_RemovedComponents: []
  m_ParentPrefab: {fileID: 100100000, guid: 3bc9073448c70904696e599e182d1c57, type: 2}
  m_IsPrefabParent: 0
--- !u!1 &2016361538
GameObject:
  m_ObjectHideFlags: 0
  m_PrefabParentObject: {fileID: 0}
  m_PrefabInternal: {fileID: 0}
  serializedVersion: 5
  m_Component:
  - component: {fileID: 2016361540}
  - component: {fileID: 2016361539}
  m_Layer: 0
  m_Name: SerialHandler
  m_TagString: Untagged
  m_Icon: {fileID: 0}
  m_NavMeshLayer: 0
  m_StaticEditorFlags: 0
  m_IsActive: 1
--- !u!114 &2016361539
MonoBehaviour:
  m_ObjectHideFlags: 0
  m_PrefabParentObject: {fileID: 0}
  m_PrefabInternal: {fileID: 0}
  m_GameObject: {fileID: 2016361538}
  m_Enabled: 1
  m_EditorHideFlags: 0
  m_Script: {fileID: 11500000, guid: 81fdf4da6add47b41873cc2b3063f8cc, type: 3}
  m_Name: 
  m_EditorClassIdentifier: 
  portName: COM4
  baudRate: 115200
--- !u!4 &2016361540
Transform:
  m_ObjectHideFlags: 0
  m_PrefabParentObject: {fileID: 0}
  m_PrefabInternal: {fileID: 0}
  m_GameObject: {fileID: 2016361538}
  m_LocalRotation: {x: 0, y: 0, z: 0, w: 1}
  m_LocalPosition: {x: 0.39999962, y: 0.48000002, z: 11.89}
  m_LocalScale: {x: 1, y: 1, z: 1}
  m_Children: []
  m_Father: {fileID: 0}
  m_RootOrder: 7
  m_LocalEulerAnglesHint: {x: 0, y: 0, z: 0}
